@article{parnas1972criteria,
  title={On the criteria to be used in decomposing systems into modules},
  author={Parnas, David Lorge},
  journal={Communications of the ACM},
  volume={15},
  number={12},
  pages={1053--1058},
  year={1972},
  publisher={ACm New York, NY, USA}
}

@article{parnas1979designing,
  title={Designing software for ease of extension and contraction},
  author={Parnas, David Lorge},
  journal={IEEE transactions on software engineering},
  number={2},
  pages={128--138},
  year={1979},
  publisher={IEEE}
}

@article{parnas1985modular,
  title={The modular structure of complex systems},
  author={Parnas, David Lorge and Clements, Paul C and Weiss, David M},
  journal={IEEE Transactions on software Engineering},
  number={3},
  pages={259--266},
  year={1985},
  publisher={IEEE}
}