@article{wu2020nfn+,
  title={NFN+: A novel network followed network for retinal vessel segmentation},
  author={Wu, Yicheng and Xia, Yong and Song, Yang and Zhang, Yanning and Cai, Weidong},
  journal={Neural Networks},
  volume={126},
  pages={153--162},
  year={2020},
  publisher={Elsevier}
}

@article{li2020lightweight,
  title={Lightweight attention convolutional neural network for retinal vessel image segmentation},
  author={Li, Xiang and Jiang, Yuchen and Li, Minglei and Yin, Shen},
  journal={IEEE Transactions on Industrial Informatics},
  volume={17},
  number={3},
  pages={1958--1967},
  year={2020},
  publisher={IEEE}
}

@article{wu2021scs,
  title={Scs-net: A scale and context sensitive network for retinal vessel segmentation},
  author={Wu, Huisi and Wang, Wei and Zhong, Jiafu and Lei, Baiying and Wen, Zhenkun and Qin, Jing},
  journal={Medical Image Analysis},
  volume={70},
  pages={102025},
  year={2021},
  publisher={Elsevier}
}

@article{wang2020dofe,
  title={Dofe: Domain-oriented feature embedding for generalizable fundus image segmentation on unseen datasets},
  author={Wang, Shujun and Yu, Lequan and Li, Kang and Yang, Xin and Fu, Chi-Wing and Heng, Pheng-Ann},
  journal={IEEE Transactions on Medical Imaging},
  volume={39},
  number={12},
  pages={4237--4248},
  year={2020},
  publisher={IEEE}
}

@article{yan2018three,
  title={A three-stage deep learning model for accurate retinal vessel segmentation},
  author={Yan, Zengqiang and Yang, Xin and Cheng, Kwang-Ting},
  journal={IEEE journal of Biomedical and Health Informatics},
  volume={23},
  number={4},
  pages={1427--1436},
  year={2018},
  publisher={IEEE}
}

@article{jin2019dunet,
  title={DUNet: A deformable network for retinal vessel segmentation},
  author={Jin, Qiangguo and Meng, Zhaopeng and Pham, Tuan D and Chen, Qi and Wei, Leyi and Su, Ran},
  journal={Knowledge-Based Systems},
  volume={178},
  pages={149--162},
  year={2019},
  publisher={Elsevier}
}

@article{oliveira2018retinal,
  title={Retinal vessel segmentation based on fully convolutional neural networks},
  author={Oliveira, Am{\'e}rico and Pereira, Sergio and Silva, Carlos A},
  journal={Expert Systems with Applications},
  volume={112},
  pages={229--242},
  year={2018},
  publisher={Elsevier}
}

@article{soomro2019deep,
  title={Deep learning models for retinal blood vessels segmentation: a review},
  author={Soomro, Toufique Ahmed and Afifi, Ahmed J and Zheng, Lihong and Soomro, Shafiullah and Gao, Junbin and Hellwich, Olaf and Paul, Manoranjan},
  journal={IEEE Access},
  volume={7},
  pages={71696--71717},
  year={2019},
  publisher={IEEE}
}

@article{khandouzi2022retinal,
  title={Retinal vessel segmentation, a review of classic and deep methods},
  author={Khandouzi, Ali and Ariafar, Ali and Mashayekhpour, Zahra and Pazira, Milad and Baleghi, Yasser},
  journal={Annals of Biomedical Engineering},
  volume={50},
  number={10},
  pages={1292--1314},
  year={2022},
  publisher={Springer}
}

@inproceedings{long2015fully,
  title={Fully convolutional networks for semantic segmentation},
  author={Long, Jonathan and Shelhamer, Evan and Darrell, Trevor},
  booktitle={Proceedings of the IEEE conference on computer vision and pattern recognition},
  pages={3431--3440},
  year={2015}
}

@inproceedings{pal2016preprocessing,
  title={Preprocessing for image classification by convolutional neural networks},
  author={Pal, Kuntal Kumar and Sudeep, KS},
  booktitle={2016 IEEE International Conference on Recent Trends in Electronics, Information \& Communication Technology (RTEICT)},
  pages={1778--1781},
  year={2016},
  organization={IEEE}
}

@inproceedings{jogin2018feature,
  title={Feature extraction using convolution neural networks (CNN) and deep learning},
  author={Jogin, Manjunath and Madhulika, MS and Divya, GD and Meghana, RK and Apoorva, S and others},
  booktitle={2018 3rd IEEE international conference on recent trends in electronics, information \& communication technology (RTEICT)},
  pages={2319--2323},
  year={2018},
  organization={IEEE}
}