@inproceedings{wu2018multiscale,
  title={Multiscale network followed network model for retinal vessel segmentation},
  author={Wu, Yicheng and Xia, Yong and Song, Yang and Zhang, Yanning and Cai, Weidong},
  booktitle={Medical Image Computing and Computer Assisted Intervention--MICCAI 2018: 21st International Conference, Granada, Spain, September 16-20, 2018, Proceedings, Part II 11},
  pages={119--126},
  year={2018},
  organization={Springer}
}

@article{lian2019global,
  title={A global and local enhanced residual u-net for accurate retinal vessel segmentation},
  author={Lian, Sheng and Li, Lei and Lian, Guiren and Xiao, Xiao and Luo, Zhiming and Li, Shaozi},
  journal={IEEE/ACM transactions on computational biology and bioinformatics},
  volume={18},
  number={3},
  pages={852--862},
  year={2019},
  publisher={IEEE}
}