@book{ghezzi1991fundamentals,
  title={Fundamentals of software engineering},
  author={Ghezzi, Carlo and Jazayeri, Mehdi and Mandrioli, Dino},
  year={1991},
  publisher={Prentice-Hall, Inc.}
}

@book{HoffmanAndStrooper1995,
	address = {New York, NY, USA},
	author = {Daniel M. Hoffman and Paul A. Strooper},
	date-added = {2017-11-10 11:27:24 +0000},
	date-modified = {2017-11-10 11:27:24 +0000},
	local-url = {file://localhost/Users/smiths/LongTermArchives/Work/Research/References/SoftwareEngineering/software-design-automated-testing.pdf},
	publisher = {International Thomson Computer Press},
	title = {Software Design, Automated Testing, and Maintenance: A Practical Approach},
	url = {http:// citeseer.ist.psu.edu/428727.html},
	year = {1995},
	bdsk-file-1 = {YnBsaXN0MDDSAQIDBFxyZWxhdGl2ZVBhdGhZYWxpYXNEYXRhXxA5Li4vLi4vc2UzeGEzL1JlZmVyZW5jZU1hdGVyaWFsL0hvZmZtYW5BbmRTdHJvb3BlcjE5OTUucGRmTxEBqgAAAAABqgACAAAMTWFjaW50b3NoIEhEAAAAAAAAAAAAAAAAAAAAAAAAAEJEAAH/////GkhvZmZtYW5BbmRTdHJvb3BlcjE5OTUucGRmAAAAAAAAAAAAAAAAAAAAAAAAAAAAAAAAAAAAAAAAAAAAAAAAAP////8AAAAAAAAAAAAAAAAAAgADAAAKIGN1AAAAAAAAAAAAAAAAABFSZWZlcmVuY2VNYXRlcmlhbAAAAgBILzpVc2VyczpzbWl0aHM6UmVwb3M6c2UzeGEzOlJlZmVyZW5jZU1hdGVyaWFsOkhvZmZtYW5BbmRTdHJvb3BlcjE5OTUucGRmAA4ANgAaAEgAbwBmAGYAbQBhAG4AQQBuAGQAUwB0AHIAbwBvAHAAZQByADEAOQA5ADUALgBwAGQAZgAPABoADABNAGEAYwBpAG4AdABvAHMAaAAgAEgARAASAEZVc2Vycy9zbWl0aHMvUmVwb3Mvc2UzeGEzL1JlZmVyZW5jZU1hdGVyaWFsL0hvZmZtYW5BbmRTdHJvb3BlcjE5OTUucGRmABMAAS8AABUAAgAN//8AAAAIAA0AGgAkAGAAAAAAAAACAQAAAAAAAAAFAAAAAAAAAAAAAAAAAAACDg==},
	bdsk-url-1 = {http://%20citeseer.ist.psu.edu/428727.html}}